@book{hartley2000,
author={Hartley, R. and Zisserman, A.},
title = {Multiple View Geometry in Computer Vision},
publisher = {Cambridge University Press},
year={2000}}

@article{heikkila2000,
author={Heikkil√§, J.},
title={Geometric camera calibration using circular control points},
journal={PAMI},
volume=22,
issue=10,
pages={1066--1077},
year=2000
}

@inproceedings{zhang1999,
author={Zhang, Z.},
title={Flexible camera calibration by viewing a plane from unknown orientations},
booktitle={IEEE International Computer Vision Conference (ICCV)},
pages={666--673},
year={1999}}

@misc{bouguetMCT,
  author = "Jean-Yves Bouguet",
  title = "Camera calibration toolbox for {Matlab}",
  howpublished = "\url{http://www.vision.caltech.edu/bouguetj/calib_doc}",
}

@misc{ceres-solver,
  author = "Sameer Agarwal and Keir Mierle and Others",
  title = "Ceres Solver",
  howpublished = "\url{http://ceres-solver.org}",
}

@incollection{bocquillon2006,
	author={Bocquillon, B. and Gurdjos, P. and Crouzil, A.},
	title={Towards a Guaranteed Solution to Plane-Based Self-calibration},
	booktitle={ACCV},
	series={Lecture Notes in Computer Science},
	volume=3851,
	year=2006
}
